<?xml version="1.0" encoding="UTF-8"?><collection xmlns="http://www.loc.gov/MARC21/slim"><record><leader>00453nam--2200133-i-4500</leader><controlfield tag="001">000035839</controlfield><controlfield tag="002">20161230</controlfield><controlfield tag="005">20161230201040</controlfield><controlfield tag="008">060222s1000------------r-----000-0-eng-d</controlfield><datafield ind1=" " ind2=" " tag="080"><subfield code="a">621.383(043)</subfield></datafield><datafield ind1=" " ind2=" " tag="100"><subfield code="a">Oprea, Alexandru</subfield></datafield><datafield ind1=" " ind2=" " tag="245"><subfield code="a">Studiul influentei nivelelor adinci si putin adinci asupra caracteristicilor dispozitivelor optoelectronice si semiconductori a/ii-b/vi. teza</subfield></datafield><datafield ind1=" " ind2=" " tag="260"><subfield code="a">Bucuresti, Inst.De Fizica Atomica, 1995, 109p</subfield></datafield><datafield ind1=" " ind2=" " tag="852"><subfield code="a">80508</subfield></datafield></record></collection>